% voorbeeld:
@book{nise-2015,
	author = {given-i=N.S., given=Norman, family=Nise},
	date = {2015},
	language = {english},
	location = {Hoboken, NJ, Verenigde Staten},
	publisher = {Wiley},
	title = {Control Systems Engineering, 7th Edition},
}